<?xml version="1.0" encoding="UTF-8"?><collection xmlns="http://www.loc.gov/MARC21/slim"><record><leader>00393nam--2200121-i-4500</leader><controlfield tag="001">000030995</controlfield><controlfield tag="002">20161230</controlfield><controlfield tag="005">20161230201038</controlfield><controlfield tag="008">060222s1000------------r-----000-0-eng-d</controlfield><datafield ind1=" " ind2=" " tag="100"><subfield code="a">Manquenouille Robert</subfield></datafield><datafield ind1=" " ind2=" " tag="245"><subfield code="a">Contribution a l`etude des probabilites de transition gamma par la methode des coincidence retardees. these</subfield></datafield><datafield ind1=" " ind2=" " tag="260"><subfield code="a">Strasbourg, Faculte Des Sciences, 1961, 115p</subfield></datafield><datafield ind1=" " ind2=" " tag="852"><subfield code="a">19140</subfield></datafield></record></collection>